<?xml version="1.0" encoding="UTF-8"?><collection xmlns="http://www.loc.gov/MARC21/slim"><record><leader>00567nam--2200181-i-4500</leader><controlfield tag="001">000047994</controlfield><controlfield tag="002">20161230</controlfield><controlfield tag="005">20161230201046</controlfield><controlfield tag="008">060222s1000------------r-----000-0-fre-d</controlfield><datafield ind1=" " ind2=" " tag="040"><subfield code="a">IFIN-HH</subfield></datafield><datafield ind1=" " ind2=" " tag="041"><subfield code="a">fre</subfield></datafield><datafield ind1=" " ind2=" " tag="080"><subfield code="a">539.172.1(043):537.632.5(043)</subfield></datafield><datafield ind1="1" ind2=" " tag="100"><subfield code="a">Zgainski, Andre</subfield></datafield><datafield ind1="1" ind2="0" tag="245"><subfield code="a">Etude des interferences entre sous-niveaux zeeman de l`etat 3p de 4he i, excite par la technique du faisceau-lame</subfield><subfield code="b">These</subfield><subfield code="c">Andre zagainski</subfield></datafield><datafield ind1=" " ind2=" " tag="260"><subfield code="a">Lyon</subfield><subfield code="b">Universite Claude Bernard</subfield><subfield code="c">1973</subfield></datafield><datafield ind1=" " ind2=" " tag="300"><subfield code="a">73P</subfield></datafield><datafield ind1=" " ind2=" " tag="852"><subfield code="a">42122</subfield><subfield code="c">539.17</subfield></datafield><datafield ind1=" " ind2=" " tag="CAT"><subfield code="a">Sys</subfield><subfield code="c">20120613</subfield><subfield code="h">105045</subfield></datafield></record></collection>